<record><leader>00000cas a2200000 a 4500</leader><controlfield tag="001">1303775</controlfield><controlfield tag="008">750429d18461870mauwr ne      0   a0eng c</controlfield><datafield ind1=" " ind2=" " tag="010"><subfield code="a">sn 85036056 </subfield><subfield code="z">ca 26000386 </subfield></datafield><datafield ind1=" " ind2=" " tag="040"><subfield code="a">FUL</subfield><subfield code="b">eng</subfield><subfield code="c">FUL</subfield><subfield code="d">MUL</subfield><subfield code="d">NPA</subfield><subfield code="d">NPH</subfield><subfield code="d">NPV</subfield><subfield code="d">NLG</subfield><subfield code="d">MFN</subfield><subfield code="d">NVH</subfield><subfield code="d">YOX</subfield><subfield code="d">MGN</subfield><subfield code="d">NYS</subfield><subfield code="d">MGN</subfield><subfield code="d">NYS</subfield><subfield code="d">MGN</subfield><subfield code="d">CNK</subfield><subfield code="d">NVK</subfield><subfield code="d">NYS</subfield><subfield code="d">OCL</subfield><subfield code="d">NYS</subfield><subfield code="d">OCLCQ</subfield><subfield code="d">NYS</subfield><subfield code="d">DLC</subfield><subfield code="d">GUA</subfield><subfield code="d">KRTAS</subfield><subfield code="d">DLC</subfield><subfield code="d">OCLCQ</subfield><subfield code="d">PHA</subfield><subfield code="d">OCLCF</subfield><subfield code="d">OCLCO</subfield></datafield><datafield ind1="0" ind2=" " tag="022"><subfield code="a">2160-7877</subfield><subfield code="2">1</subfield></datafield><datafield ind1="1" ind2=" " tag="029"><subfield code="a">AU@</subfield><subfield code="b">000004484651</subfield></datafield><datafield ind1=" " ind2=" " tag="042"><subfield code="a">pcc</subfield><subfield code="a">nsdp</subfield></datafield><datafield ind1=" " ind2=" " tag="043"><subfield code="a">n-us-ma</subfield></datafield><datafield ind1="0" ind2="0" tag="050"><subfield code="a">AP2</subfield><subfield code="b">.F58</subfield></datafield><datafield ind1="0" ind2=" " tag="130"><subfield code="a">Flag of our Union (Boston, Mass.)</subfield></datafield><datafield ind1=" " ind2="0" tag="222"><subfield code="a">Flag of our Union</subfield><subfield code="b">(Boston, Mass.)</subfield></datafield><datafield ind1="1" ind2="4" tag="245"><subfield code="a">The flag of our Union.</subfield></datafield><datafield ind1=" " ind2=" " tag="260"><subfield code="a">Boston [Mass.] :</subfield><subfield code="b">F. Gleason</subfield></datafield><datafield ind1=" " ind2=" " tag="300"><subfield code="a">v. :</subfield><subfield code="b">ill. ;</subfield><subfield code="c">55 cm.</subfield></datafield><datafield ind1=" " ind2=" " tag="310"><subfield code="a">Weekly</subfield></datafield><datafield ind1="1" ind2=" " tag="362"><subfield code="a">Began in 1846; ceased Oct. 29, 1870?</subfield></datafield><datafield ind1=" " ind2=" " tag="500"><subfield code="a">Publisher varies: Maturin M. Ballou, &lt;Oct. 13, 1855-&gt;</subfield></datafield><datafield ind1=" " ind2=" " tag="530"><subfield code="a">Also issued on microfilm from University Microfilms International as part of the Early American Periodicals series; also available online.</subfield></datafield><datafield ind1=" " ind2=" " tag="530"><subfield code="a">Also issued in digital form on the Library of Congress Web site.</subfield></datafield><datafield ind1=" " ind2=" " tag="588"><subfield code="a">Description based on: Vol. 1, no. 4 (Feb. 14, 1846).</subfield></datafield><datafield ind1=" " ind2=" " tag="588"><subfield code="a">Latest issue consulted: Vol. 12, no. 4 (Jan. 24, 1857).</subfield></datafield><datafield ind1=" " ind2="0" tag="651"><subfield code="a">Boston (Mass.)</subfield><subfield code="v">Newspapers.</subfield></datafield><datafield ind1=" " ind2="0" tag="651"><subfield code="a">Suffolk County (Mass.)</subfield><subfield code="v">Newspapers.</subfield></datafield><datafield ind1=" " ind2="7" tag="655"><subfield code="a">Newspapers.</subfield><subfield code="2">fast</subfield><subfield code="0">(OCoLC)fst01423814</subfield></datafield><datafield ind1=" " ind2="7" tag="651"><subfield code="a">Massachusetts</subfield><subfield code="z">Boston.</subfield><subfield code="2">fast</subfield><subfield code="0">(OCoLC)fst01205012</subfield></datafield><datafield ind1=" " ind2="7" tag="651"><subfield code="a">Massachusetts</subfield><subfield code="z">Suffolk County.</subfield><subfield code="2">fast</subfield><subfield code="0">(OCoLC)fst01206189</subfield></datafield><datafield ind1=" " ind2=" " tag="752"><subfield code="a">United States</subfield><subfield code="b">Massachusetts</subfield><subfield code="c">Suffolk</subfield><subfield code="d">Boston.</subfield></datafield><datafield ind1="0" ind2=" " tag="775"><subfield code="t">Flag of our Union (New York, N.Y.)</subfield><subfield code="w">(DLC)sn 83030086</subfield><subfield code="w">(OCoLC)9311140</subfield></datafield><datafield ind1="1" ind2=" " tag="776"><subfield code="t">Flag of our union (Boston, Mass.)</subfield><subfield code="c">Microfilm</subfield><subfield code="d">UMI</subfield><subfield code="k">American periodicals</subfield><subfield code="w">(DLC)sf 88091835</subfield><subfield code="w">(OCoLC)6439331</subfield></datafield><datafield ind1="1" ind2=" " tag="776"><subfield code="t">Flag of our union (Boston, Mass. : Online)</subfield><subfield code="w">(DLC)  2009233073</subfield><subfield code="w">(OCoLC)63688601</subfield></datafield><datafield ind1="0" ind2="5" tag="780"><subfield code="t">Bostonian (Boston, Mass. : 1846)</subfield><subfield code="w">(DLC)sn 83021514</subfield><subfield code="w">(OCoLC)10215347</subfield></datafield><datafield ind1="4" ind2="1" tag="856"><subfield code="u">http://gateway.proquest.com/openurl?url_ver=Z39.88-2004&amp;res_dat=xri:pqd::hnp&amp;rft_val_fmt=info:ofi/fmt:kev:mtx:journal&amp;rft_dat=xri:pqd:PMID=41461</subfield></datafield><datafield ind1="4" ind2="1" tag="856"><subfield code="u">http://hdl.loc.gov/loc.rbc/serial.36056</subfield></datafield><datafield ind1=" " ind2=" " tag="938"><subfield code="a">Kirtas Technologies, Inc.</subfield><subfield code="b">KRTS</subfield><subfield code="n">732117</subfield></datafield></record>